@INPROCEEDINGS{1,
  author={Sahatqija, Kosovare and Ajdari, Jaumin and Zenuni, Xhemal and Raufi, Bujar and Ismaili, Florije},
  booktitle={2018 41st International Convention on Information and Communication Technology, Electronics and Microelectronics (MIPRO)}, 
  title={Comparison between relational and NOSQL databases}, 
  year={2018},
  volume={},
  number={},
  pages={0216-0221},
  doi={10.23919/MIPRO.2018.8400041}}
  
  
@INPROCEEDINGS{2,
  author={Hassan, Mohammad A.},
  booktitle={2021 22nd International Arab Conference on Information Technology (ACIT)}, 
  title={Relational and NoSQL Databases: The Appropriate Database Model Choice}, 
  year={2021},
  volume={},
  number={},
  pages={1-6},
  doi={10.1109/ACIT53391.2021.9677042}}
  
@INPROCEEDINGS{3,
  author={Li, Yishan and Manoharan, Sathiamoorthy},
    booktitle={2013 IEEE Pacific Rim Conference on Communications, Computers and Signal Processing (PACRIM)},
    title={A performance comparison of SQL and NoSQL databases},
    year={2013},
    volume={},
    number={},
    pages={15-19},
    doi={10.1109/PACRIM.2013.6625441}}  

@INPROCEEDINGS{4,  
	author={Zafar, Rashid and Yafi, Eiad and Zuhairi, Megat F. and Dao, Hassan},
	booktitle={2016 International Conference on Information and Communication Technolog(ICICTM)},
	title={Big Data: The NoSQL and RDBMS review},
	year={2016},
	volume={},
	number={},
	pages={120-126},
	doi={10.1109/ICICTM.2016.7890788}}
	

@INPROCEEDINGS{5,
  author={Jung, Min-Gyue and Youn, Seon-A and Bae, Jayon and Choi, Yong-Lak},
  booktitle={2015 8th International Conference on Database Theory and Application (DTA)},
  title={A Study on Data Input and Output Performance Comparison of MongoDB and PostgreSQL in the Big Data Environment},
  year={2015},
  volume={},
  number={},
  pages={14-17},
  doi={10.1109/DTA.2015.14}}	
   

@INPROCEEDINGS{8,
  author={Sirish Shetty, B and Akshay, KC},
  booktitle={2019 2nd International Conference on Intelligent Computing, Instrumentation and Control Technologies (ICICICT)},
  title={Performance Analysis of Queries in RDBMS vs NoSQL},
  year={2019},
  volume={1},
  number={},
  pages={1283-1286},
  doi={10.1109/ICICICT46008.2019.8993394}}
   
  
  
@INPROCEEDINGS{9,
  author={Palanisamy, Sowndarya and SuvithaVani, P.},
  booktitle={2020 International Conference on Computer Communication and Informatics (ICCCI)},
  title={A survey on RDBMS and NoSQL Databases MySQL vs MongoDB},
  year={2020},
  volume={},
  number={},
  pages={1-7},
  doi={10.1109/ICCCI48352.2020.9104047}}
  
   
@article{14,
author={Kanchan,S. and Kaur,P. and Apoorva,P.},
year={2021},
title={Empirical Evaluation of NoSQL and Relational Database Systems},
journal={Recent Advances in Computer Science and Communications},
volume={14},
number={8},
pages={2637-2650},
note={Cited By :1},
language={English},
url={www.scopus.com},
}


@article{15,
author={Sandeep Kumar,M. and Prabhu,J.},
year={2018},
title={Comparison of nosql database and traditional database-an emphatic analysis},
journal={International Journal on Informatics Visualization},
volume={2},
number={2},
pages={51-55},
note={Cited By :5},
language={English},
url={www.scopus.com},
}      

@book{16,
author={Uyanga,S. and Munkhtsetseg,N. and Batbayar,S. and Bat-Ulzii,S.},
year={2021},
title={A Comparative Study of NoSQL and Relational Database},
series={Smart Innovation, Systems and Technologies},
volume={212},
pages={116-122},
note={Cited By :1},
language={English},
url={www.scopus.com},
}               


@article{17,
author={Győrödi,C. A. and Dumşe-Burescu,D. V. and Zmaranda,D. R. and Győrödi,R. Ş. and Gabor,G. A. and Pecherle,G. D.},
year={2020},
title={Performance analysis of nosql and relational databases with couchdb and mysql for application’s data storage},
journal={Applied Sciences (Switzerland)},
volume={10},
number={23},
pages={1-21},
note={Cited By :7},
language={English},
url={www.scopus.com},
}

@book{19,
author={Chaudhary,J. and Vyas,V. and Jha,C. K.},
year={2023},
title={Qualitative Analysis of SQL and NoSQL Database with an Emphasis on Performance},
series={Smart Innovation, Systems and Technologies},
volume={312},
pages={155-165},
language={English},
url={www.scopus.com},
}


@article{20,
author={Srivastava,N.},
year={2019},
title={Nosql - A solution for handling big data},
journal={International Journal of Engineering and Advanced Technology},
volume={9},
number={1},
pages={7606-7610},
language={English},
url={www.scopus.com},
}